@inproceedings{fakih2024llm4plc,
  title={Llm4plc: Harnessing large language models for verifiable programming of plcs in industrial control systems},
  author={Fakih, Mohamad and Dharmaji, Rahul and Moghaddas, Yasamin and Quiros, Gustavo and Ogundare, Oluwatosin and Al Faruque, Mohammad Abdullah},
  booktitle={Proceedings of the 46th International Conference on Software Engineering: Software Engineering in Practice},
  pages={192--203},
  year={2024}
}

@article{xia2024leveraging,
  title={Leveraging error-assisted fine-tuning large language models for manufacturing excellence},
  author={Xia, Liqiao and Li, Chengxi and Zhang, Canbin and Liu, Shimin and Zheng, Pai},
  journal={Robotics and Computer-Integrated Manufacturing},
  volume={88},
  pages={102728},
  year={2024},
  publisher={Elsevier}
}


@article{wang2024llm,
  title={An LLM-based vision and language cobot navigation approach for Human-centric Smart Manufacturing},
  author={Wang, Tian and Fan, Junming and Zheng, Pai},
  journal={Journal of Manufacturing Systems},
  year={2024},
  publisher={Elsevier}
}